<record><leader>00000cas a22000007a 4500</leader><controlfield tag="001">12515351</controlfield><controlfield tag="008">850907d18611926mouwr ne      0    0eng d</controlfield><datafield ind1=" " ind2=" " tag="010"><subfield code="a">sn 85034169 </subfield></datafield><datafield ind1=" " ind2=" " tag="040"><subfield code="a">NPU</subfield><subfield code="b">eng</subfield><subfield code="c">NPU</subfield><subfield code="d">MQN</subfield><subfield code="d">OCLCQ</subfield></datafield><datafield ind1=" " ind2=" " tag="042"><subfield code="a">msc</subfield></datafield><datafield ind1="0" ind2=" " tag="130"><subfield code="a">Franklin County observer (Washington, Mo. : 1861)</subfield></datafield><datafield ind1="1" ind2="4" tag="245"><subfield code="a">The Franklin County observer.</subfield></datafield><datafield ind1=" " ind2=" " tag="260"><subfield code="a">Washington, Mo. :</subfield><subfield code="b">Murphy &amp; Mense</subfield></datafield><datafield ind1=" " ind2=" " tag="300"><subfield code="a">v. ;</subfield><subfield code="c">61 cm.</subfield></datafield><datafield ind1=" " ind2=" " tag="310"><subfield code="a">Weekly</subfield></datafield><datafield ind1="1" ind2=" " tag="362"><subfield code="a">Began in 1861; ceased in 1926.</subfield><subfield code="z">Cf. Gregory, W. Amer. newspapers.</subfield></datafield><datafield ind1=" " ind2=" " tag="580"><subfield code="a">From publishers block: "Issued Every Tuesday, With Which Is Combined The Republican-Tribune of Union, Issued Friday," Sept. 1, 1925-July 30, 1926?</subfield></datafield><datafield ind1=" " ind2=" " tag="588"><subfield code="a">Description based on: Vol. 8, no. 50 (June 18, 1869).</subfield></datafield><datafield ind1=" " ind2=" " tag="752"><subfield code="a">United States</subfield><subfield code="b">Missouri</subfield><subfield code="c">Franklin</subfield><subfield code="d">Washington.</subfield></datafield><datafield ind1="0" ind2="0" tag="785"><subfield code="t">Washington Missourian</subfield><subfield code="w">(DLC)sn 84001332</subfield></datafield><datafield ind1="1" ind2=" " tag="787"><subfield code="t">Republican tribune (Union, Mo.)</subfield><subfield code="w">(DLC)sn 90061748</subfield></datafield></record>